{
  "trades": [
    {
      "a": 8053397,
      "p": "57790.59000000",
      "q": "0.01425400",
      "f": 8259021,
      "l": 8259021,
      "T": 1634241531835,
      "m": false,
      "M": true
    },
    {
      "a": 8053398,
      "p": "57791.62000000",
      "q": "0.00132400",
      "f": 8259022,
      "l": 8259022,
      "T": 1634241544667,
      "m": true,
      "M": true
    },
    {
      "a": 8053399,
      "p": "57844.35000000",
      "q": "0.02000000",
      "f": 8259023,
      "l": 8259023,
      "T": 1634241584815,
      "m": false,
      "M": true
    },
    {
      "a": 8053400,
      "p": "57844.36000000",
      "q": "0.00085000",
      "f": 8259024,
      "l": 8259024,
      "T": 1634241584823,
      "m": true,
      "M": true
    },
    {
      "a": 8053401,
      "p": "57847.26000000",
      "q": "0.02302700",
      "f": 8259025,
      "l": 8259025,
      "T": 1634241584916,
      "m": false,
      "M": true
    },
    {
      "a": 8053402,
      "p": "57847.26000000",
      "q": "0.01730500",
      "f": 8259026,
      "l": 8259026,
      "T": 1634241584947,
      "m": false,
      "M": true
    },
    {
      "a": 8053403,
      "p": "57852.80000000",
      "q": "0.00038200",
      "f": 8259027,
      "l": 8259028,
      "T": 1634241585031,
      "m": false,
      "M": true
    },
    {
      "a": 8053404,
      "p": "57832.46000000",
      "q": "0.00019100",
      "f": 8259029,
      "l": 8259029,
      "T": 1634241587149,
      "m": false,
      "M": true
    },
    {
      "a": 8053405,
      "p": "57846.83000000",
      "q": "0.01565200",
      "f": 8259030,
      "l": 8259030,
      "T": 1634241588785,
      "m": false,
      "M": true
    },
    {
      "a": 8053406,
      "p": "57854.61000000",
      "q": "0.00139000",
      "f": 8259031,
      "l": 8259031,
      "T": 1634241590870,
      "m": false,
      "M": true
    },
    {
      "a": 8053407,
      "p": "57851.72000000",
      "q": "0.02078900",
      "f": 8259032,
      "l": 8259032,
      "T": 1634241591432,
      "m": true,
      "M": true
    },
    {
      "a": 8053408,
      "p": "57854.61000000",
      "q": "0.00000600",
      "f": 8259033,
      "l": 8259033,
      "T": 1634241606507,
      "m": false,
      "M": true
    },
    {
      "a": 8053409,
      "p": "57863.54000000",
      "q": "0.00053300",
      "f": 8259034,
      "l": 8259034,
      "T": 1634241606507,
      "m": false,
      "M": true
    },
    {
      "a": 8053410,
      "p": "57866.08000000",
      "q": "0.00156100",
      "f": 8259035,
      "l": 8259035,
      "T": 1634241606507,
      "m": false,
      "M": true
    },
    {
      "a": 8053411,
      "p": "57870.78000000",
      "q": "0.00135700",
      "f": 8259036,
      "l": 8259036,
      "T": 1634241606507,
      "m": false,
      "M": true
    },
    {
      "a": 8053412,
      "p": "57854.61000000",
      "q": "0.00138400",
      "f": 8259037,
      "l": 8259038,
      "T": 1634241609537,
      "m": true,
      "M": true
    },
    {
      "a": 8053413,
      "p": "57854.61000000",
      "q": "0.00021100",
      "f": 8259039,
      "l": 8259039,
      "T": 1634241615362,
      "m": false,
      "M": true
    },
    {
      "a": 8053414,
      "p": "57854.61000000",
      "q": "0.00117300",
      "f": 8259040,
      "l": 8259040,
      "T": 1634241617401,
      "m": false,
      "M": true
    },
    {
      "a": 8053415,
      "p": "57867.88000000",
      "q": "0.00019100",
      "f": 8259041,
      "l": 8259041,
      "T": 1634241623387,
      "m": false,
      "M": true
    },
    {
      "a": 8053416,
      "p": "57868.28000000",
      "q": "0.06101600",
      "f": 8259042,
      "l": 8259042,
      "T": 1634241634942,
      "m": true,
      "M": true
    },
    {
      "a": 8053417,
      "p": "57845.51000000",
      "q": "0.00605600",
      "f": 8259043,
      "l": 8259043,
      "T": 1634241635617,
      "m": true,
      "M": true
    },
    {
      "a": 8053418,
      "p": "57800.87000000",
      "q": "0.01251900",
      "f": 8259044,
      "l": 8259044,
      "T": 1634241652603,
      "m": true,
      "M": true
    },
    {
      "a": 8053419,
      "p": "57800.87000000",
      "q": "0.00215700",
      "f": 8259045,
      "l": 8259045,
      "T": 1634241652603,
      "m": true,
      "M": true
    },
    {
      "a": 8053420,
      "p": "57800.87000000",
      "q": "0.02557100",
      "f": 8259046,
      "l": 8259046,
      "T": 1634241652640,
      "m": false,
      "M": true
    },
    {
      "a": 8053421,
      "p": "57822.49000000",
      "q": "0.00341900",
      "f": 8259047,
      "l": 8259047,
      "T": 1634241652723,
      "m": false,
      "M": true
    },
    {
      "a": 8053422,
      "p": "57819.60000000",
      "q": "0.04320600",
      "f": 8259048,
      "l": 8259048,
      "T": 1634241665439,
      "m": false,
      "M": true
    },
    {
      "a": 8053423,
      "p": "57795.26000000",
      "q": "0.01312000",
      "f": 8259049,
      "l": 8259049,
      "T": 1634241669294,
      "m": true,
      "M": true
    },
    {
      "a": 8053424,
      "p": "57795.26000000",
      "q": "0.00000900",
      "f": 8259050,
      "l": 8259050,
      "T": 1634241669300,
      "m": true,
      "M": true
    },
    {
      "a": 8053425,
      "p": "57792.52000000",
      "q": "0.02595300",
      "f": 8259051,
      "l": 8259051,
      "T": 1634241669359,
      "m": true,
      "M": true
    },
    {
      "a": 8053426,
      "p": "57778.17000000",
      "q": "0.07504700",
      "f": 8259052,
      "l": 8259052,
      "T": 1634241669359,
      "m": true,
      "M": true
    },
    {
      "a": 8053427,
      "p": "57792.99000000",
      "q": "0.02590000",
      "f": 8259053,
      "l": 8259053,
      "T": 1634241669386,
      "m": true,
      "M": true
    },
    {
      "a": 8053428,
      "p": "57792.99000000",
      "q": "0.00005300",
      "f": 8259054,
      "l": 8259054,
      "T": 1634241669391,
      "m": true,
      "M": true
    },
    {
      "a": 8053429,
      "p": "57778.17000000",
      "q": "0.00995300",
      "f": 8259055,
      "l": 8259055,
      "T": 1634241669398,
      "m": true,
      "M": true
    },
    {
      "a": 8053430,
      "p": "57778.15000000",
      "q": "0.01609700",
      "f": 8259056,
      "l": 8259056,
      "T": 1634241669398,
      "m": true,
      "M": true
    },
    {
      "a": 8053431,
      "p": "57776.84000000",
      "q": "0.02594800",
      "f": 8259057,
      "l": 8259057,
      "T": 1634241669507,
      "m": true,
      "M": true
    },
    {
      "a": 8053432,
      "p": "57777.20000000",
      "q": "0.02596000",
      "f": 8259058,
      "l": 8259058,
      "T": 1634241669589,
      "m": true,
      "M": true
    },
    {
      "a": 8053433,
      "p": "57763.28000000",
      "q": "0.01336400",
      "f": 8259059,
      "l": 8259059,
      "T": 1634241669605,
      "m": true,
      "M": true
    },
    {
      "a": 8053434,
      "p": "57775.75000000",
      "q": "0.01336400",
      "f": 8259060,
      "l": 8259060,
      "T": 1634241669616,
      "m": true,
      "M": true
    },
    {
      "a": 8053435,
      "p": "57777.22000000",
      "q": "0.05289400",
      "f": 8259061,
      "l": 8259062,
      "T": 1634241670989,
      "m": true,
      "M": true
    },
    {
      "a": 8053436,
      "p": "57753.45000000",
      "q": "0.00254200",
      "f": 8259063,
      "l": 8259063,
      "T": 1634241726349,
      "m": true,
      "M": true
    },
    {
      "a": 8053437,
      "p": "57783.69000000",
      "q": "0.01500000",
      "f": 8259064,
      "l": 8259064,
      "T": 1634241758015,
      "m": false,
      "M": true
    },
    {
      "a": 8053438,
      "p": "57783.70000000",
      "q": "0.35200000",
      "f": 8259065,
      "l": 8259065,
      "T": 1634241758015,
      "m": false,
      "M": true
    },
    {
      "a": 8053439,
      "p": "57786.58000000",
      "q": "0.01104200",
      "f": 8259066,
      "l": 8259066,
      "T": 1634241758015,
      "m": false,
      "M": true
    },
    {
      "a": 8053440,
      "p": "57793.06000000",
      "q": "0.02596800",
      "f": 8259067,
      "l": 8259067,
      "T": 1634241758015,
      "m": false,
      "M": true
    },
    {
      "a": 8053441,
      "p": "57793.43000000",
      "q": "0.08500000",
      "f": 8259068,
      "l": 8259068,
      "T": 1634241758015,
      "m": false,
      "M": true
    },
    {
      "a": 8053442,
      "p": "57798.14000000",
      "q": "0.01099000",
      "f": 8259069,
      "l": 8259069,
      "T": 1634241758015,
      "m": false,
      "M": true
    },
    {
      "a": 8053443,
      "p": "57768.80000000",
      "q": "0.01509500",
      "f": 8259070,
      "l": 8259070,
      "T": 1634241804372,
      "m": false,
      "M": true
    },
    {
      "a": 8053444,
      "p": "57754.61000000",
      "q": "0.02596000",
      "f": 8259071,
      "l": 8259071,
      "T": 1634241804727,
      "m": false,
      "M": true
    },
    {
      "a": 8053445,
      "p": "57790.23000000",
      "q": "0.03693000",
      "f": 8259072,
      "l": 8259072,
      "T": 1634241822705,
      "m": false,
      "M": true
    },
    {
      "a": 8053446,
      "p": "57790.23000000",
      "q": "0.00034900",
      "f": 8259073,
      "l": 8259073,
      "T": 1634241823036,
      "m": false,
      "M": true
    },
    {
      "a": 8053447,
      "p": "57790.23000000",
      "q": "0.00041000",
      "f": 8259074,
      "l": 8259074,
      "T": 1634241837445,
      "m": true,
      "M": true
    },
    {
      "a": 8053448,
      "p": "57790.23000000",
      "q": "0.00000500",
      "f": 8259075,
      "l": 8259075,
      "T": 1634241838849,
      "m": true,
      "M": true
    },
    {
      "a": 8053449,
      "p": "57789.46000000",
      "q": "0.01216000",
      "f": 8259076,
      "l": 8259076,
      "T": 1634241839753,
      "m": true,
      "M": true
    },
    {
      "a": 8053450,
      "p": "57789.46000000",
      "q": "0.01380200",
      "f": 8259077,
      "l": 8259077,
      "T": 1634241839756,
      "m": true,
      "M": true
    },
    {
      "a": 8053451,
      "p": "57789.45000000",
      "q": "0.02596000",
      "f": 8259078,
      "l": 8259078,
      "T": 1634241839912,
      "m": true,
      "M": true
    },
    {
      "a": 8053452,
      "p": "57772.12000000",
      "q": "0.01994400",
      "f": 8259079,
      "l": 8259079,
      "T": 1634241839924,
      "m": true,
      "M": true
    },
    {
      "a": 8053453,
      "p": "57727.05000000",
      "q": "0.01195000",
      "f": 8259080,
      "l": 8259080,
      "T": 1634241986419,
      "m": false,
      "M": true
    },
    {
      "a": 8053454,
      "p": "57727.05000000",
      "q": "0.03000000",
      "f": 8259081,
      "l": 8259081,
      "T": 1634241986424,
      "m": false,
      "M": true
    },
    {
      "a": 8053455,
      "p": "57727.05000000",
      "q": "0.01000000",
      "f": 8259082,
      "l": 8259082,
      "T": 1634241986424,
      "m": false,
      "M": true
    },
    {
      "a": 8053456,
      "p": "57727.05000000",
      "q": "0.02930000",
      "f": 8259083,
      "l": 8259083,
      "T": 1634241986426,
      "m": false,
      "M": true
    },
    {
      "a": 8053457,
      "p": "57727.05000000",
      "q": "0.00000900",
      "f": 8259084,
      "l": 8259084,
      "T": 1634242003118,
      "m": false,
      "M": true
    },
    {
      "a": 8053458,
      "p": "57673.46000000",
      "q": "0.00378500",
      "f": 8259085,
      "l": 8259085,
      "T": 1634242026242,
      "m": true,
      "M": true
    },
    {
      "a": 8053459,
      "p": "57668.75000000",
      "q": "0.00581300",
      "f": 8259086,
      "l": 8259086,
      "T": 1634242026242,
      "m": true,
      "M": true
    },
    {
      "a": 8053460,
      "p": "57668.75000000",
      "q": "0.01082900",
      "f": 8259087,
      "l": 8259087,
      "T": 1634242026252,
      "m": true,
      "M": true
    },
    {
      "a": 8053461,
      "p": "57668.75000000",
      "q": "0.01887400",
      "f": 8259088,
      "l": 8259088,
      "T": 1634242026427,
      "m": true,
      "M": true
    },
    {
      "a": 8053462,
      "p": "57667.44000000",
      "q": "0.00272600",
      "f": 8259089,
      "l": 8259089,
      "T": 1634242026427,
      "m": true,
      "M": true
    },
    {
      "a": 8053463,
      "p": "57667.44000000",
      "q": "0.00013500",
      "f": 8259090,
      "l": 8259090,
      "T": 1634242026498,
      "m": true,
      "M": true
    },
    {
      "a": 8053464,
      "p": "57660.00000000",
      "q": "0.00055000",
      "f": 8259091,
      "l": 8259091,
      "T": 1634242026498,
      "m": true,
      "M": true
    },
    {
      "a": 8053465,
      "p": "57658.88000000",
      "q": "0.00050000",
      "f": 8259092,
      "l": 8259092,
      "T": 1634242026532,
      "m": true,
      "M": true
    },
    {
      "a": 8053466,
      "p": "57658.88000000",
      "q": "0.00003300",
      "f": 8259093,
      "l": 8259093,
      "T": 1634242026534,
      "m": true,
      "M": true
    },
    {
      "a": 8053467,
      "p": "57655.24000000",
      "q": "0.04236800",
      "f": 8259094,
      "l": 8259094,
      "T": 1634242026534,
      "m": true,
      "M": true
    },
    {
      "a": 8053468,
      "p": "57653.70000000",
      "q": "0.02180000",
      "f": 8259095,
      "l": 8259095,
      "T": 1634242026534,
      "m": true,
      "M": true
    },
    {
      "a": 8053469,
      "p": "57670.05000000",
      "q": "0.00341000",
      "f": 8259096,
      "l": 8259096,
      "T": 1634242042611,
      "m": false,
      "M": true
    },
    {
      "a": 8053470,
      "p": "57613.36000000",
      "q": "0.02602700",
      "f": 8259097,
      "l": 8259097,
      "T": 1634242097200,
      "m": false,
      "M": true
    },
    {
      "a": 8053471,
      "p": "57640.76000000",
      "q": "0.07800000",
      "f": 8259098,
      "l": 8259098,
      "T": 1634242101002,
      "m": false,
      "M": true
    },
    {
      "a": 8053472,
      "p": "57640.77000000",
      "q": "0.00056800",
      "f": 8259099,
      "l": 8259099,
      "T": 1634242101021,
      "m": true,
      "M": true
    },
    {
      "a": 8053473,
      "p": "57643.65000000",
      "q": "0.01486000",
      "f": 8259100,
      "l": 8259100,
      "T": 1634242101029,
      "m": false,
      "M": true
    },
    {
      "a": 8053474,
      "p": "57640.76000000",
      "q": "0.01008500",
      "f": 8259101,
      "l": 8259101,
      "T": 1634242102310,
      "m": true,
      "M": true
    },
    {
      "a": 8053475,
      "p": "57637.51000000",
      "q": "0.01331300",
      "f": 8259102,
      "l": 8259102,
      "T": 1634242102420,
      "m": true,
      "M": true
    },
    {
      "a": 8053476,
      "p": "57637.50000000",
      "q": "0.00344000",
      "f": 8259103,
      "l": 8259103,
      "T": 1634242102496,
      "m": true,
      "M": true
    },
    {
      "a": 8053477,
      "p": "57637.50000000",
      "q": "0.02907500",
      "f": 8259104,
      "l": 8259104,
      "T": 1634242102499,
      "m": true,
      "M": true
    },
    {
      "a": 8053478,
      "p": "57637.50000000",
      "q": "0.04548500",
      "f": 8259105,
      "l": 8259105,
      "T": 1634242102598,
      "m": true,
      "M": true
    },
    {
      "a": 8053479,
      "p": "57614.29000000",
      "q": "0.06067400",
      "f": 8259106,
      "l": 8259106,
      "T": 1634242103973,
      "m": true,
      "M": true
    },
    {
      "a": 8053480,
      "p": "57611.40000000",
      "q": "0.00066500",
      "f": 8259107,
      "l": 8259107,
      "T": 1634242104100,
      "m": true,
      "M": true
    },
    {
      "a": 8053481,
      "p": "57608.51000000",
      "q": "0.00017400",
      "f": 8259108,
      "l": 8259108,
      "T": 1634242105580,
      "m": true,
      "M": true
    },
    {
      "a": 8053482,
      "p": "57569.66000000",
      "q": "0.00053300",
      "f": 8259109,
      "l": 8259109,
      "T": 1634242110804,
      "m": true,
      "M": true
    },
    {
      "a": 8053483,
      "p": "57569.67000000",
      "q": "0.01538000",
      "f": 8259110,
      "l": 8259110,
      "T": 1634242111043,
      "m": false,
      "M": true
    },
    {
      "a": 8053484,
      "p": "57590.14000000",
      "q": "0.08088700",
      "f": 8259111,
      "l": 8259111,
      "T": 1634242117268,
      "m": false,
      "M": true
    },
    {
      "a": 8053485,
      "p": "57593.01000000",
      "q": "0.01085000",
      "f": 8259112,
      "l": 8259112,
      "T": 1634242117349,
      "m": false,
      "M": true
    },
    {
      "a": 8053486,
      "p": "57568.40000000",
      "q": "0.00069000",
      "f": 8259113,
      "l": 8259114,
      "T": 1634242133274,
      "m": true,
      "M": true
    },
    {
      "a": 8053487,
      "p": "57568.40000000",
      "q": "0.00000600",
      "f": 8259115,
      "l": 8259115,
      "T": 1634242133280,
      "m": true,
      "M": true
    },
    {
      "a": 8053488,
      "p": "57552.79000000",
      "q": "0.01387100",
      "f": 8259116,
      "l": 8259116,
      "T": 1634242139878,
      "m": false,
      "M": true
    },
    {
      "a": 8053489,
      "p": "57510.20000000",
      "q": "0.00378500",
      "f": 8259117,
      "l": 8259117,
      "T": 1634242158333,
      "m": true,
      "M": true
    },
    {
      "a": 8053490,
      "p": "57508.30000000",
      "q": "0.00069600",
      "f": 8259118,
      "l": 8259118,
      "T": 1634242158333,
      "m": true,
      "M": true
    },
    {
      "a": 8053491,
      "p": "57504.05000000",
      "q": "0.05609300",
      "f": 8259119,
      "l": 8259119,
      "T": 1634242158333,
      "m": true,
      "M": true
    },
    {
      "a": 8053492,
      "p": "57518.71000000",
      "q": "0.01228000",
      "f": 8259120,
      "l": 8259120,
      "T": 1634242160111,
      "m": false,
      "M": true
    },
    {
      "a": 8053493,
      "p": "57515.84000000",
      "q": "0.01386200",
      "f": 8259121,
      "l": 8259121,
      "T": 1634242161503,
      "m": true,
      "M": true
    },
    {
      "a": 8053494,
      "p": "57495.79000000",
      "q": "0.04752900",
      "f": 8259122,
      "l": 8259122,
      "T": 1634242167270,
      "m": true,
      "M": true
    },
    {
      "a": 8053495,
      "p": "57515.34000000",
      "q": "0.01242600",
      "f": 8259123,
      "l": 8259123,
      "T": 1634242169995,
      "m": false,
      "M": true
    },
    {
      "a": 8053496,
      "p": "57515.84000000",
      "q": "0.00657000",
      "f": 8259124,
      "l": 8259124,
      "T": 1634242170010,
      "m": false,
      "M": true
    },
    {
      "a": 8053497,
      "p": "57515.84000000",
      "q": "0.00000900",
      "f": 8259125,
      "l": 8259125,
      "T": 1634242177870,
      "m": false,
      "M": true
    },
    {
      "a": 8053498,
      "p": "57515.85000000",
      "q": "0.01157400",
      "f": 8259126,
      "l": 8259126,
      "T": 1634242199357,
      "m": false,
      "M": true
    },
    {
      "a": 8053499,
      "p": "57532.37000000",
      "q": "0.03833000",
      "f": 8259127,
      "l": 8259127,
      "T": 1634242219326,
      "m": false,
      "M": true
    },
    {
      "a": 8053500,
      "p": "57548.88000000",
      "q": "0.01406000",
      "f": 8259128,
      "l": 8259128,
      "T": 1634242219721,
      "m": false,
      "M": true
    },
    {
      "a": 8053501,
      "p": "57537.84000000",
      "q": "0.01188800",
      "f": 8259129,
      "l": 8259129,
      "T": 1634242222140,
      "m": true,
      "M": true
    },
    {
      "a": 8053502,
      "p": "57532.37000000",
      "q": "0.01043000",
      "f": 8259130,
      "l": 8259130,
      "T": 1634242222827,
      "m": true,
      "M": true
    },
    {
      "a": 8053503,
      "p": "57524.75000000",
      "q": "0.00259000",
      "f": 8259131,
      "l": 8259131,
      "T": 1634242223073,
      "m": true,
      "M": true
    },
    {
      "a": 8053504,
      "p": "57524.75000000",
      "q": "0.00043600",
      "f": 8259132,
      "l": 8259132,
      "T": 1634242223081,
      "m": true,
      "M": true
    },
    {
      "a": 8053505,
      "p": "57524.75000000",
      "q": "0.01037700",
      "f": 8259133,
      "l": 8259133,
      "T": 1634242223151,
      "m": true,
      "M": true
    },
    {
      "a": 8053506,
      "p": "57550.66000000",
      "q": "0.01205900",
      "f": 8259134,
      "l": 8259134,
      "T": 1634242239064,
      "m": false,
      "M": true
    },
    {
      "a": 8053507,
      "p": "57549.79000000",
      "q": "0.00430800",
      "f": 8259135,
      "l": 8259135,
      "T": 1634242269801,
      "m": true,
      "M": true
    },
    {
      "a": 8053508,
      "p": "57549.79000000",
      "q": "0.00384900",
      "f": 8259136,
      "l": 8259136,
      "T": 1634242269825,
      "m": true,
      "M": true
    },
    {
      "a": 8053509,
      "p": "57549.79000000",
      "q": "0.00849500",
      "f": 8259137,
      "l": 8259137,
      "T": 1634242269833,
      "m": true,
      "M": true
    },
    {
      "a": 8053510,
      "p": "57522.93000000",
      "q": "0.01559400",
      "f": 8259138,
      "l": 8259138,
      "T": 1634242305372,
      "m": true,
      "M": true
    },
    {
      "a": 8053511,
      "p": "57549.79000000",
      "q": "0.00197000",
      "f": 8259139,
      "l": 8259139,
      "T": 1634242312374,
      "m": false,
      "M": true
    },
    {
      "a": 8053512,
      "p": "57549.79000000",
      "q": "0.00000200",
      "f": 8259140,
      "l": 8259140,
      "T": 1634242347053,
      "m": false,
      "M": true
    },
    {
      "a": 8053513,
      "p": "57557.96000000",
      "q": "0.00086200",
      "f": 8259141,
      "l": 8259141,
      "T": 1634242380373,
      "m": true,
      "M": true
    },
    {
      "a": 8053514,
      "p": "57575.08000000",
      "q": "0.01187800",
      "f": 8259142,
      "l": 8259142,
      "T": 1634242401493,
      "m": false,
      "M": true
    },
    {
      "a": 8053515,
      "p": "57619.81000000",
      "q": "0.01430200",
      "f": 8259143,
      "l": 8259143,
      "T": 1634242447013,
      "m": false,
      "M": true
    },
    {
      "a": 8053516,
      "p": "57642.92000000",
      "q": "0.01479300",
      "f": 8259144,
      "l": 8259144,
      "T": 1634242449159,
      "m": false,
      "M": true
    },
    {
      "a": 8053517,
      "p": "57644.35000000",
      "q": "0.01322100",
      "f": 8259145,
      "l": 8259145,
      "T": 1634242453336,
      "m": true,
      "M": true
    },
    {
      "a": 8053518,
      "p": "57644.35000000",
      "q": "0.00346000",
      "f": 8259146,
      "l": 8259146,
      "T": 1634242453350,
      "m": true,
      "M": true
    },
    {
      "a": 8053519,
      "p": "57611.64000000",
      "q": "0.02096800",
      "f": 8259147,
      "l": 8259147,
      "T": 1634242467285,
      "m": false,
      "M": true
    },
    {
      "a": 8053520,
      "p": "57644.05000000",
      "q": "0.01450900",
      "f": 8259148,
      "l": 8259148,
      "T": 1634242510921,
      "m": false,
      "M": true
    },
    {
      "a": 8053521,
      "p": "57652.42000000",
      "q": "0.01014700",
      "f": 8259149,
      "l": 8259149,
      "T": 1634242545267,
      "m": true,
      "M": true
    },
    {
      "a": 8053522,
      "p": "57652.42000000",
      "q": "0.00717500",
      "f": 8259150,
      "l": 8259150,
      "T": 1634242545326,
      "m": true,
      "M": true
    },
    {
      "a": 8053523,
      "p": "57600.49000000",
      "q": "0.19442900",
      "f": 8259151,
      "l": 8259151,
      "T": 1634242608695,
      "m": false,
      "M": true
    },
    {
      "a": 8053524,
      "p": "57606.28000000",
      "q": "0.01200700",
      "f": 8259152,
      "l": 8259152,
      "T": 1634242647997,
      "m": true,
      "M": true
    },
    {
      "a": 8053525,
      "p": "57522.93000000",
      "q": "0.00928000",
      "f": 8259153,
      "l": 8259153,
      "T": 1634242790318,
      "m": false,
      "M": true
    },
    {
      "a": 8053526,
      "p": "57522.93000000",
      "q": "0.00000600",
      "f": 8259154,
      "l": 8259154,
      "T": 1634242804170,
      "m": false,
      "M": true
    },
    {
      "a": 8053527,
      "p": "57547.93000000",
      "q": "0.11126400",
      "f": 8259155,
      "l": 8259155,
      "T": 1634242804170,
      "m": false,
      "M": true
    },
    {
      "a": 8053528,
      "p": "57547.93000000",
      "q": "0.04000000",
      "f": 8259156,
      "l": 8259156,
      "T": 1634242804210,
      "m": false,
      "M": true
    },
    {
      "a": 8053529,
      "p": "57547.93000000",
      "q": "0.06000000",
      "f": 8259157,
      "l": 8259157,
      "T": 1634242804223,
      "m": false,
      "M": true
    },
    {
      "a": 8053530,
      "p": "57547.93000000",
      "q": "0.02000000",
      "f": 8259158,
      "l": 8259158,
      "T": 1634242804224,
      "m": false,
      "M": true
    },
    {
      "a": 8053531,
      "p": "57537.63000000",
      "q": "0.02606000",
      "f": 8259159,
      "l": 8259159,
      "T": 1634242806276,
      "m": false,
      "M": true
    },
    {
      "a": 8053532,
      "p": "57529.48000000",
      "q": "0.00525200",
      "f": 8259160,
      "l": 8259160,
      "T": 1634242811804,
      "m": true,
      "M": true
    },
    {
      "a": 8053533,
      "p": "57537.63000000",
      "q": "0.01000000",
      "f": 8259161,
      "l": 8259161,
      "T": 1634242824588,
      "m": false,
      "M": true
    },
    {
      "a": 8053534,
      "p": "57537.63000000",
      "q": "0.00220000",
      "f": 8259162,
      "l": 8259162,
      "T": 1634242824600,
      "m": false,
      "M": true
    },
    {
      "a": 8053535,
      "p": "57537.63000000",
      "q": "0.00220000",
      "f": 8259163,
      "l": 8259163,
      "T": 1634242824613,
      "m": false,
      "M": true
    },
    {
      "a": 8053536,
      "p": "57537.63000000",
      "q": "0.00780000",
      "f": 8259164,
      "l": 8259164,
      "T": 1634242824623,
      "m": false,
      "M": true
    },
    {
      "a": 8053537,
      "p": "57550.86000000",
      "q": "0.01235000",
      "f": 8259165,
      "l": 8259165,
      "T": 1634242836524,
      "m": false,
      "M": true
    },
    {
      "a": 8053538,
      "p": "57556.10000000",
      "q": "0.01990000",
      "f": 8259166,
      "l": 8259166,
      "T": 1634242848204,
      "m": true,
      "M": true
    },
    {
      "a": 8053539,
      "p": "57586.91000000",
      "q": "0.01163100",
      "f": 8259167,
      "l": 8259167,
      "T": 1634242903166,
      "m": false,
      "M": true
    },
    {
      "a": 8053540,
      "p": "57557.85000000",
      "q": "0.02605000",
      "f": 8259168,
      "l": 8259168,
      "T": 1634242912193,
      "m": false,
      "M": true
    },
    {
      "a": 8053541,
      "p": "57552.15000000",
      "q": "0.01041900",
      "f": 8259169,
      "l": 8259169,
      "T": 1634242934251,
      "m": true,
      "M": true
    },
    {
      "a": 8053542,
      "p": "57537.63000000",
      "q": "0.01251300",
      "f": 8259170,
      "l": 8259170,
      "T": 1634242951550,
      "m": true,
      "M": true
    },
    {
      "a": 8053543,
      "p": "57493.65000000",
      "q": "0.00106300",
      "f": 8259171,
      "l": 8259171,
      "T": 1634242969888,
      "m": true,
      "M": true
    },
    {
      "a": 8053544,
      "p": "57492.92000000",
      "q": "0.00060900",
      "f": 8259172,
      "l": 8259172,
      "T": 1634242971172,
      "m": true,
      "M": true
    },
    {
      "a": 8053545,
      "p": "57515.92000000",
      "q": "0.02608000",
      "f": 8259173,
      "l": 8259173,
      "T": 1634242974467,
      "m": true,
      "M": true
    },
    {
      "a": 8053546,
      "p": "57515.92000000",
      "q": "0.00000700",
      "f": 8259174,
      "l": 8259174,
      "T": 1634242974468,
      "m": true,
      "M": true
    },
    {
      "a": 8053547,
      "p": "57518.81000000",
      "q": "0.01219400",
      "f": 8259175,
      "l": 8259175,
      "T": 1634243002052,
      "m": false,
      "M": true
    },
    {
      "a": 8053548,
      "p": "57518.81000000",
      "q": "0.00321000",
      "f": 8259176,
      "l": 8259176,
      "T": 1634243002138,
      "m": false,
      "M": true
    },
    {
      "a": 8053549,
      "p": "57526.68000000",
      "q": "0.02606000",
      "f": 8259177,
      "l": 8259177,
      "T": 1634243007428,
      "m": false,
      "M": true
    },
    {
      "a": 8053550,
      "p": "57526.04000000",
      "q": "0.01210500",
      "f": 8259178,
      "l": 8259178,
      "T": 1634243066879,
      "m": true,
      "M": true
    },
    {
      "a": 8053551,
      "p": "57516.19000000",
      "q": "0.02000000",
      "f": 8259179,
      "l": 8259179,
      "T": 1634243066879,
      "m": true,
      "M": true
    },
    {
      "a": 8053552,
      "p": "57516.18000000",
      "q": "0.25973000",
      "f": 8259180,
      "l": 8259180,
      "T": 1634243066879,
      "m": true,
      "M": true
    },
    {
      "a": 8053553,
      "p": "57480.58000000",
      "q": "0.00053000",
      "f": 8259181,
      "l": 8259181,
      "T": 1634243217885,
      "m": true,
      "M": true
    },
    {
      "a": 8053554,
      "p": "57480.58000000",
      "q": "0.00000400",
      "f": 8259182,
      "l": 8259182,
      "T": 1634243218847,
      "m": true,
      "M": true
    },
    {
      "a": 8053555,
      "p": "57480.00000000",
      "q": "0.00054600",
      "f": 8259183,
      "l": 8259183,
      "T": 1634243218847,
      "m": true,
      "M": true
    },
    {
      "a": 8053556,
      "p": "57480.01000000",
      "q": "0.02609400",
      "f": 8259184,
      "l": 8259184,
      "T": 1634243221281,
      "m": false,
      "M": true
    },
    {
      "a": 8053557,
      "p": "57480.01000000",
      "q": "0.02609000",
      "f": 8259185,
      "l": 8259185,
      "T": 1634243221376,
      "m": false,
      "M": true
    },
    {
      "a": 8053558,
      "p": "57489.85000000",
      "q": "0.04131200",
      "f": 8259186,
      "l": 8259187,
      "T": 1634243251399,
      "m": false,
      "M": true
    },
    {
      "a": 8053559,
      "p": "57489.85000000",
      "q": "0.02574100",
      "f": 8259188,
      "l": 8259188,
      "T": 1634243267503,
      "m": true,
      "M": true
    },
    {
      "a": 8053560,
      "p": "57480.00000000",
      "q": "0.00000400",
      "f": 8259189,
      "l": 8259189,
      "T": 1634243275472,
      "m": true,
      "M": true
    },
    {
      "a": 8053561,
      "p": "57480.00000000",
      "q": "0.00341100",
      "f": 8259190,
      "l": 8259190,
      "T": 1634243289193,
      "m": false,
      "M": true
    }
  ]
}